<?xml version="1.0" encoding="UTF-8"?><collection xmlns="http://www.loc.gov/MARC21/slim"><record><leader>00345nam--2200121-i-4500</leader><controlfield tag="001">000016230</controlfield><controlfield tag="002">20161230</controlfield><controlfield tag="005">20161230201031</controlfield><controlfield tag="008">060222s1000------------r-----000-0-eng-d</controlfield><datafield ind1=" " ind2=" " tag="100"><subfield code="a">Sequin,Carlo</subfield></datafield><datafield ind1=" " ind2=" " tag="245"><subfield code="a">Interface states in metal-oxide-semiconductor field-effect transistors.theses</subfield></datafield><datafield ind1=" " ind2=" " tag="260"><subfield code="a">Basle,Universite,1970 /1527-1540/P</subfield></datafield><datafield ind1=" " ind2=" " tag="852"><subfield code="a">77977</subfield></datafield></record></collection>